@book{langsci-current-book, author = {Alejandro Correa}, title = {{Variabilidad vocálica en el español de Bogotá}}, year = {2022}, series = {\unhbox \voidb@x \protect \penalty \@M \ }, number = { }, location = {Berlin}, publisher = {Language Science Press}, options = {dataonly=true} } 
